<?xml version="1.0" encoding="UTF-8"?><collection xmlns="http://www.loc.gov/MARC21/slim"><record><leader>00710nam--2200193-u-4500</leader><controlfield tag="001">000053521</controlfield><controlfield tag="002">20161230</controlfield><controlfield tag="005">20161230201051</controlfield><controlfield tag="008">110411s1000------------r-----000-0-eng-d</controlfield><datafield ind1=" " ind2=" " tag="020"><subfield code="a">0931288371</subfield></datafield><datafield ind1=" " ind2=" " tag="040"><subfield code="a">IFIN-HH</subfield></datafield><datafield ind1=" " ind2=" " tag="080"><subfield code="a">57</subfield></datafield><datafield ind1="1" ind2=" " tag="100"><subfield code="a">Muller, Martin</subfield></datafield><datafield ind1="1" ind2="0" tag="245"><subfield code="a">The science of biological specimen preparation for microscopy and microanalysis 1985</subfield><subfield code="b">Proceedings of the 4th pfefferkon conference, held march 25-30, 1985, at the grand canyon squire inn, grand canyon, az</subfield><subfield code="c">Martin muller; robert p. becker; alan boyde; john j. wolosewick (eds.)</subfield></datafield><datafield ind1=" " ind2=" " tag="260"><subfield code="a">Amf O'Hare</subfield><subfield code="b">Sem, Inc</subfield><subfield code="c">1986</subfield></datafield><datafield ind1=" " ind2=" " tag="300"><subfield code="a">307P</subfield></datafield><datafield ind1="1" ind2=" " tag="700"><subfield code="a">Wolosewick, John J</subfield><subfield code="e">Ed</subfield></datafield><datafield ind1=" " ind2=" " tag="852"><subfield code="a">81233</subfield><subfield code="c">57</subfield></datafield><datafield ind1=" " ind2=" " tag="CAT"><subfield code="a">Sys</subfield><subfield code="c">20110411</subfield><subfield code="h">095421</subfield></datafield></record></collection>